@book{cloud,
  title={Cloud Computing: Principles, Systems and Applications},
  author={Antonopoulos, N. and Gillam, L.},
  series={Computer Communications and Networks},
  year={2010},
  publisher={Springer London}
}

@book{virtualization,
  title={Grids, Clouds and Virtualization},
  author={Cafaro, M. and Aloisio, G.},
  series={Computer Communications and Networks},
  year={2010},
  publisher={Springer London}
}

@techreport{nfv,
author= {Chiosi, M.}, 
title={{N}etwork {F}unctions {V}irtualisation: {A}n {I}ntroduction, {B}enefits, {E}nablers, {C}hallenges and {C}all for
{A}ction},
publisher={ETSI White Paper}, 
month={October},
year={2012}
}


@techreport{nfv_framework,
author= {ETSI ISG}, 
title={{N}etwork {F}unctions {V}irtualisation ({NFV}): {A}rchitectural {F}ramework},
publisher={ETSI}, 
month={October},
year={2013},
howpublished={[Online:]http://www.etsi.org/deliver/etsi_gs/nfv/001_099/002/01.01.01_60/gs_nfv002v010101p.pdf} 
}

@article{sdn_nfv,
author={R. Jain and S. Paul},
journal={IEEE Communications Magazine},
title={{N}etwork {V}irtualization and {S}oftware {D}efined {N}etworking for {C}loud {C}omputing: {A} {S}urvey},
year={2013},
volume={51},
number={11},
pages={24-31},
month={November}
}


@article{sdn,
author={H. Kim and N. Feamster},
journal={IEEE Communications Magazine},
title={Improving network management with software defined networking},
year={2013},
volume={51},
number={2},
pages={114-119},
month={February}
}

@inproceedings{fog,
 author = {Yi, Shanhe and Li, Cheng and Li, Qun},
 title = {A {S}urvey of {F}og {C}omputing: {C}oncepts, {A}pplications and {I}ssues},
 booktitle = {Proceedings of the 2015 Workshop on Mobile Big Data},
 series = {Mobidata '15},
 year = {2015},
 isbn = {978-1-4503-3524-9},
 location = {Hangzhou, China},
 pages = {37--42},
 numpages = {6},
 url = {http://doi.acm.org/10.1145/2757384.2757397},
 doi = {10.1145/2757384.2757397},
 acmid = {2757397},
 publisher = {ACM},
 address = {New York, NY, USA}
} 

@book{motion,
  title={Motion Estimation Techniques for Digital Video Coding},
  author={Metkar, Shilpa and Talbar, Sanjay},
  year={2013},
  publisher={Springer}
}

@Inbook{compressive,
author="Stankovi{\'{c}}, Srdjan
and Orovi{\'{c}}, Irena
and Sejdi{\'{c}}, Ervin",
chapter="Compressive Sensing",
title="Multimedia Signals and Systems",
year="2012",
publisher="Springer US",
address="Boston, MA",
pages="233--254",
isbn="978-1-4614-4208-0",
doi="10.1007/978-1-4614-4208-0_6",
url="http://dx.doi.org/10.1007/978-1-4614-4208-0_6"
}


@Inbook{sparsity,
author="Patel, Vishal M.
and Chellappa, Rama",
chapter="Compressive Sensing",
title="Sparse Representations and Compressive Sensing for Imaging and Vision",
year="2013",
publisher="Springer New York",
address="New York, NY",
pages="3--15",
isbn="978-1-4614-6381-8",
doi="10.1007/978-1-4614-6381-8_2",
url="http://dx.doi.org/10.1007/978-1-4614-6381-8_2"
}

@manual{cepal,
author="Rojas, Edwin F. and  Poveda, Laura",
title="Estado de la banda ancha en Am√©rica Latina y el Caribe 2015",
organization="United Nations Economic Commission for Latin America and the Caribbean (ECLAC)",
year="2015",
month="July"
}

@INPROCEEDINGS{motion_cs,
author={Y. Shen and J. Li and Z. Zhu},
booktitle={2013 IEEE International Conference on Acoustics, Speech and Signal Processing},
title={Motion estimation for video coding based on sparse representation},
year={2013},
pages={1394-1398},
doi={10.1109/ICASSP.2013.6637880},
ISSN={1520-6149},
month={May}}

@INPROCEEDINGS{odl_me,
author={Y. Sun and M. Xu and X. Tao and J. Lu},
booktitle={Wireless Personal Multimedia Communications (WPMC), 2012 15th International Symposium on},
title={Online dictionary learning based intra-frame video coding via sparse representation},
year={2012},
pages={16-20},
ISSN={1347-6890},
month={Sept}}

@ARTICLE{sparse_st,
author={H. Xiong and Z. Pan and X. Ye and C. W. Chen},
journal={IEEE Transactions on Circuits and Systems for Video Technology},
title={Sparse Spatio-Temporal Representation With Adaptive Regularized Dictionary Learning for Low Bit-Rate Video Coding},
year={2013},
volume={23},
number={4},
pages={710-728},
ISSN={1051-8215},
month={April}}

@INPROCEEDINGS{6189245,
author={Z. Pan and H. Xiong},
booktitle={Data Compression Conference (DCC), 2012},
title={Sparse spatio-temporal representation with adaptive regularized dictionaries for super-resolution based video coding},
year={2012},
pages={139-148},
ISSN={1068-0314},
month={April}}

@ARTICLE{7076640,
author={M. Azghani and M. Karimi and F. Marvasti},
journal={IEEE Transactions on Circuits and Systems for Video Technology},
title={Multihypothesis Compressed Video Sensing Technique},
year={2016},
volume={26},
number={4},
pages={627-635},
doi={10.1109/TCSVT.2015.2418586},
ISSN={1051-8215},
month={April}}
